<?xml version="1.0" encoding="UTF-8"?><collection xmlns="http://www.loc.gov/MARC21/slim"><record><leader>00357nam--2200121-i-4500</leader><controlfield tag="001">000016268</controlfield><controlfield tag="002">20161230</controlfield><controlfield tag="005">20161230201031</controlfield><controlfield tag="008">060222s1000------------r-----000-0-eng-d</controlfield><datafield ind1=" " ind2=" " tag="100"><subfield code="a">Kaplan,Daniel</subfield></datafield><datafield ind1=" " ind2=" " tag="245"><subfield code="a">Contribution a l etude de l effet tunnel a travers les couches minces d oxide de berylliu m.these</subfield></datafield><datafield ind1=" " ind2=" " tag="260"><subfield code="a">Lyon,Universite,1963. 88p</subfield></datafield><datafield ind1=" " ind2=" " tag="852"><subfield code="a">77968</subfield></datafield></record></collection>